%% This BibTeX bibliography file was created using BibDesk.
%% http://bibdesk.sourceforge.net/


%% Created for Martin Raming at 2018-02-26 11:49:51 -0700 


%% Saved with string encoding Unicode (UTF-8) 



@webpage{Torray,
	Date-Added = {2018-02-26 18:47:05 +0000},
	Date-Modified = {2018-02-26 18:49:25 +0000},
	Url = {www.},
	Year = {2018}}

@manual{qaugeinstall,
	Author = {e},
	Date-Added = {2018-02-26 18:46:37 +0000},
	Date-Modified = {2018-02-26 18:47:03 +0000},
	Organization = {e},
	Title = {install}}

@manual{dewe,
	Author = {q},
	Date-Added = {2018-02-26 18:46:12 +0000},
	Date-Modified = {2018-02-26 18:46:32 +0000},
	Organization = {q},
	Title = {dewtron 360990}}

@manual{NiOverview,
	Author = {e},
	Date-Added = {2018-02-26 18:44:58 +0000},
	Date-Modified = {2018-02-26 18:45:59 +0000},
	Organization = {e},
	Title = {NI strain Gauge over view}}

@book{beer,
	Author = {f},
	Date-Added = {2018-02-26 18:42:31 +0000},
	Date-Modified = {2018-02-26 18:43:54 +0000},
	Publisher = {f},
	Title = {Solid Mech},
	Year = {f}}

@manual{NiTut,
	Author = {w},
	Date-Added = {2018-02-26 18:41:15 +0000},
	Date-Modified = {2018-02-26 18:49:51 +0000},
	Organization = {w},
	Title = {w}}

@book{Gibson,
	Author = {Ronald Gibson},
	Date-Added = {2018-02-26 18:39:30 +0000},
	Date-Modified = {2018-02-26 18:44:56 +0000},
	Edition = {3rd},
	Publisher = {CRC Press},
	Title = {Principals of Composite Material Mechanics},
	Year = {2012}}

@book{Shukla,
	Author = {Arun Shukla , James W Dally},
	Date = {2014},
	Optaddendum = {addendum},
	Optafterword = {afterword},
	Optannotator = {annotator},
	Optchapter = {chapter},
	Optcommentator = {commentator},
	Optdoi = {doi},
	Optedition = {edition},
	Opteditor = {editor},
	Opteditora = {editora},
	Opteditorb = {editorb},
	Opteditorc = {editorc},
	Opteprint = {eprint},
	Opteprintclass = {eprintclass},
	Opteprinttype = {eprinttype},
	Optforeword = {foreword},
	Optintroduction = {introduction},
	Optisbn = {isbn},
	Optlanguage = {language},
	Optlocation = {location},
	Optmainsubtitle = {mainsubtitle},
	Optmaintitle = {maintitle},
	Optmaintitleaddon = {maintitleaddon},
	Optnote = {note},
	Optnumber = {number},
	Optoriglanguage = {origlanguage},
	Optpages = {pages},
	Optpagetotal = {pagetotal},
	Optpart = {part},
	Optpublisher = {College House Enterprise},
	Optpubstate = {pubstate},
	Optseries = {series},
	Optsubtitle = {subtitle},
	Opttitleaddon = {titleaddon},
	Opttranslator = {translator},
	Opturl = {url},
	Opturldate = {urldate},
	Optvolume = {volume},
	Optvolumes = {volumes},
	Title = {Experimental Solid Mechanics}}
